@book{paolella2018linear,
  title={Linear models and time-series analysis: regression, ANOVA, ARMA and GARCH},
  author={Paolella, Marc S},
  year={2018},
  publisher={John Wiley \& Sons}
}

@book{box2015time,
  title={Time series analysis: forecasting and control},
  author={Box, George EP and Jenkins, Gwilym M and Reinsel, Gregory C and Ljung, Greta M},
  year={2015},
  publisher={John Wiley \& Sons}
}

@article{taylor1994modeling,
  title={Modeling stochastic volatility: A review and comparative study},
  author={Taylor, Stephen J},
  journal={Mathematical finance},
  volume={4},
  number={2},
  pages={183--204},
  year={1994},
  publisher={Wiley Online Library}
}

@article{engle1982autoregressive,
  title={Autoregressive conditional heteroscedasticity with estimates of the variance of United Kingdom inflation},
  author={Engle, Robert F},
  journal={Econometrica: Journal of the econometric society},
  pages={987--1007},
  year={1982},
  publisher={JSTOR}
}

@article{bollerslev1986generalized,
  title={Generalized autoregressive conditional heteroskedasticity},
  author={Bollerslev, Tim},
  journal={Journal of econometrics},
  volume={31},
  number={3},
  pages={307--327},
  year={1986},
  publisher={Elsevier}
}

@article{kim1998stochastic,
  title={Stochastic volatility: likelihood inference and comparison with ARCH models},
  author={Kim, Sangjoon and Shephard, Neil and Chib, Siddhartha},
  journal={The review of economic studies},
  volume={65},
  number={3},
  pages={361--393},
  year={1998},
  publisher={Wiley-Blackwell}
}

@article{hull1987pricing,
  title={The pricing of options on assets with stochastic volatilities},
  author={Hull, John and White, Alan},
  journal={The journal of finance},
  volume={42},
  number={2},
  pages={281--300},
  year={1987},
  publisher={Wiley Online Library}
}

@book{bergomi2015stochastic,
  title={Stochastic volatility modeling},
  author={Bergomi, Lorenzo},
  year={2015},
  publisher={CRC press}
}

@article{kim1998stochastic,
  title={Stochastic volatility: likelihood inference and comparison with \{ARCH} models},
  author={Kim, Sangjoon and Shephard, Neil and Chib, Siddhartha},
  journal={The review of economic studies},
  volume={65},
  number={3},
  pages={361--393},
  year={1998},
  publisher={Wiley-Blackwell}
}

@article{betancourt2017conceptual,
  title={A conceptual introduction to Hamiltonian Monte Carlo},
  author={Betancourt, Michael},
  journal={arXiv preprint arXiv:1701.02434},
  year={2017}
}

@article{neal2011mcmc,
  title={MCMC using Hamiltonian dynamics},
  author={Neal, Radford M and others},
  journal={Handbook of markov chain monte carlo},
  volume={2},
  number={11},
  pages={2},
  year={2011},
  publisher={Chapman and Hall/CRC}
}

@article{stan2017,
 title={Stan: A Probabilistic Programming Language},
 volume={76},
 url={https://www.jstatsoft.org/index.php/jss/article/view/v076i01},
 doi={10.18637/jss.v076.i01},
 abstract={Stan is a probabilistic programming language for specifying statistical models. A Stan program imperatively defines a log probability function over parameters conditioned on specified data and constants. As of version 2.14.0, Stan provides full Bayesian inference for continuous-variable models through Markov chain Monte Carlo methods such as the No-U-Turn sampler, an adaptive form of Hamiltonian Monte Carlo sampling. Penalized maximum likelihood estimates are calculated using optimization methods such as the limited memory Broyden-Fletcher-Goldfarb-Shanno algorithm. Stan is also a platform for computing log densities and their gradients and Hessians, which can be used in alternative algorithms such as variational Bayes, expectation propagation, and marginal inference using approximate integration. To this end, Stan is set up so that the densities, gradients, and Hessians, along with intermediate quantities of the algorithm such as acceptance probabilities, are easily accessible. Stan can be called from the command line using the cmdstan package, through R using the rstan package, and through Python using the pystan package. All three interfaces support sampling and optimization-based inference with diagnostics and posterior analysis. rstan and pystan also provide access to log probabilities, gradients, Hessians, parameter transforms, and specialized plotting.},
 number={1},
 journal={Journal of Statistical Software},
 author={Carpenter, Bob and Gelman, Andrew and Hoffman, Matthew D. and Lee, Daniel and Goodrich, Ben and Betancourt, Michael and Brubaker, Marcus and Guo, Jiqiang and Li, Peter and Riddell, Allen},
 year={2017},
 pages={1â€“32}
}

@article{cappe2007overview,
  title={An overview of existing methods and recent advances in sequential Monte Carlo},
  author={Capp{\'e}, Olivier and Godsill, Simon J and Moulines, Eric},
  journal={Proceedings of the IEEE},
  volume={95},
  number={5},
  pages={899--924},
  year={2007},
  publisher={IEEE}
}

@article{wsjsp500,
  title={S\&P 500 INDEX},
  author={Name, Change},
  year={2023},
  journal={The Wall Street Journal},
  link={https://www.wsj.com/market-data/quotes/index/SPX/historical-prices}
}

@article{gneiting2014probabilistic,
  title={Probabilistic forecasting},
  author={Gneiting, Tilmann and Katzfuss, Matthias},
  journal={Annual Review of Statistics and Its Application},
  volume={1},
  pages={125--151},
  year={2014},
  publisher={Annual Reviews}
}